<?xml version="1.0" encoding="utf-8"?>
<record xmlns="http://www.loc.gov/MARC21/slim" xmlns:xsi="http://www.w3.org/2001/XMLSchema-instance" xsi:schemaLocation="http://www.loc.gov/MARC21/slim http://www.loc.gov/standards/marcxml/schema/MARC21slim.xsd">
	<leader>     nam a22     Mi 4500</leader>
	<controlfield tag="001">2963534</controlfield>
	<controlfield tag="003">NjP</controlfield>
	<controlfield tag="006">m        d        </controlfield>
	<controlfield tag="007">cr cn |||m|||a</controlfield>
	<controlfield tag="008">190820s1963    sy      o     000 0 arard</controlfield>
	<datafield ind1="7" ind2=" " tag="024">
		<subfield code="a">princeton_aco002574</subfield>
		<subfield code="2">local</subfield>
	</datafield>
	<datafield ind1=" " ind2=" " tag="040">
		<subfield code="a">ZYU</subfield>
		<subfield code="b">ara</subfield>
		<subfield code="c">ZYU</subfield>
	</datafield>
	<datafield ind1=" " ind2=" " tag="043">
		<subfield code="a">ma-----</subfield>
	</datafield>
	<datafield ind1="1" ind2=" " tag="100">
		<subfield code="6">880-01</subfield>
		<subfield code="a">Shaṭṭī, Aḥmad Shawkat. </subfield>
	</datafield>
	<datafield ind1="1" ind2="0" tag="245">
		<subfield code="6">880-02</subfield>
		<subfield code="a">Risālah fī taqaddum al-ʻulūm al-ṭibbīyah fī al-bilād al-ʻArabīyah khilāl al-qarnayn al-akhirayn</subfield>
		<subfield code="h">[electronic resource] /</subfield>
		<subfield code="c">Aḥmad Shawkat al-Shaṭṭī.</subfield>
	</datafield>
	<datafield ind1=" " ind2=" " tag="260">
		<subfield code="6">880-03</subfield>
		<subfield code="a">Dimashaq :</subfield>
		<subfield code="b">[s.n.],</subfield>
		<subfield code="c">1963.</subfield>
	</datafield>
	<datafield ind1=" " ind2=" " tag="300">
		<subfield code="a">online resource (4, 144 p.)</subfield>
	</datafield>
	<datafield ind1=" " ind2=" " tag="500">
		<subfield code="a">Part of the Arabic Collections Online (ACO) project, contributed by Princeton University Libraries.</subfield>
	</datafield>
	<datafield ind1=" " ind2=" " tag="533">
		<subfield code="a">Electronic reproduction.</subfield>
		<subfield code="b">New York, N.Y. :</subfield>
		<subfield code="c">New York University,</subfield>
		<subfield code="d">2019.</subfield>
		<subfield code="5">NNU</subfield>
	</datafield>
	<datafield ind1=" " ind2="0" tag="650">
		<subfield code="a">Medicine</subfield>
		<subfield code="z">Arab countries.</subfield>
	</datafield>
	<datafield ind1="2" ind2=" " tag="710">
		<subfield code="a">Princeton University.</subfield>
		<subfield code="b">Library.</subfield>
	</datafield>
	<datafield ind1="0" ind2=" " tag="730">
		<subfield code="a">Arabic Collections Online.</subfield>
	</datafield>
	<datafield ind1="0" ind2="8" tag="776">
		<subfield code="i">Print version:</subfield>
		<subfield code="a">Shaṭṭī, Aḥmad Shawkat.</subfield>
		<subfield code="t">Risālah fī taqaddum al-ʻulūm al-ṭibbīyah fī al-bilād al-ʻArabīyah khilāl al-qarnayn al-akhirayn</subfield>
		<subfield code="w">(NjP)2963534</subfield>
		<subfield code="w">(DLC)  65000771 </subfield>
	</datafield>
	<datafield ind1="4" ind2="0" tag="856">
		<subfield code="u">http://hdl.handle.net/2333.1/kd51cdwq</subfield>
	</datafield>
	<datafield ind1="1" ind2=" " tag="880">
		<subfield code="6">100-01</subfield>
		<subfield code="a">شطي، احمد شوكة. </subfield>
	</datafield>
	<datafield ind1="1" ind2="0" tag="880">
		<subfield code="6">245-02</subfield>
		<subfield code="a">رسالة في تقدم العلوم الطبية في البلاد العربية خلال القرنين الاخرين /</subfield>
		<subfield code="c">احمد شوكة الشطي.</subfield>
	</datafield>
	<datafield ind1=" " ind2=" " tag="880">
		<subfield code="6">260-03</subfield>
		<subfield code="a">دمشق :</subfield>
		<subfield code="b">[س.ن.]،</subfield>
		<subfield code="c">1963.</subfield>
	</datafield>
	<datafield ind1=" " ind2=" " tag="902">
		<subfield code="a">jab</subfield>
		<subfield code="b">r</subfield>
		<subfield code="c">b</subfield>
		<subfield code="d">v</subfield>
		<subfield code="e">20000802</subfield>
		<subfield code="f">0</subfield>
	</datafield>
	<datafield ind1=" " ind2=" " tag="959">
		<subfield code="a">2009-07-01 16:28:04 -0500</subfield>
	</datafield>
	<datafield ind1=" " ind2=" " tag="959">
		<subfield code="a">NNU</subfield>
		<subfield code="b">WEB</subfield>
		<subfield code="c">GENI</subfield>
		<subfield code="t">0</subfield>
		<subfield code="m">Electronic access</subfield>
		<subfield code="s">01</subfield>
	</datafield>
	<datafield ind1=" " ind2=" " tag="999">
		<subfield code="i">NjP_2963534</subfield>
		<subfield code="s">princeton_aco002574</subfield>
		<subfield code="e">(ERROR-MISC)</subfield>
		<subfield code="s">princeton_aco002574</subfield>
	</datafield>
</record>
